@article{article,
author = {Zazkis, Rina},
year = {2015},
month = {01},
pages = {245},
title = {Two Boys problem revisited, or, â€œWhat has Tuesday got to do with it?"},
journal = {Mathematics Teaching}
}